@Book{easypeasy20,
  title = {EasyPeasy},
  author = {Hackauthor},
  year = {2020},
  edition = {2nd},
  url = {https://easypeasymethod.org/},
}
